@BOOK{Lamport86,
TITLE = "{LaTeX} --- a document preparation system --- user's guide
and reference manual",
AUTHOR = "Lamport, L.",
PUBLISHER = "Addison-Wesley",
YEAR = "1986"}

@REPORT{Moore95,
TITLE = "How to prepare a dissertation in LaTeX",
AUTHOR = "Moore, S.W.",
YEAR = "1995"}

@ARTICLE{Mycroft99,
TITLE = "{Type-Based Decompilation}",
AUTHOR = "Mycroft, A.",
JOURNAL = "Lecture Notes in Computer Science: Proc. ESOP '99, Springer-Verlag",
VOLUME = "vol. 1576",
YEAR = "1999"}

@MANUAL{ARM94,
TITLE = "ARM 710 Data Sheet",
ORGANIZATION = "Advanced RISC Machines",
YEAR = "1994"}

@BOOK{ArtOfAsm9X,
TITLE = "The Art of Assembly Language Programming",
AUTHOR = "Randall Hyde",
PUBLISHER = "http://webster.cs.ucr.edu/index.html",
YEAR = "1996"}

@MANUAL{Intel99,
TITLE = "Intel Architecture Software Developer's Manual",
ORGANIZATION = "Intel",
YEAR = "1999"}

@MANUAL{HELPPC,
TITLE = "{HelpPC}",
AUTHOR = "David Jurgens",
NOTE = "http://millenium.atcg.com/\~{}taco/helppc/ asm\_idx.html",
YEAR = "c. 1990"
}

@BOOK{Dragon9X,
TITLE = "Compilers: Principles, Techniques and Tools",
AUTHOR = "Aho, Sethi, Ullman",
PUBLISHER = "Addison-Wesley",
YEAR = "1985"}

@Unpublished{Dorr9X,
TITLE = "Archimedes Emulator",
AUTHOR = "Edwin Dorr",
NOTE = "http://www.xs4all.nl/\~{}edwind",
YEAR = "1994"}

@UNPUBLISHED{Gilbert9X,
TITLE = "{ArcEm}",
AUTHOR = "David Gilbert",
NOTE = "GPL",
YEAR = "1995-1999"}

@UNPUBLISHED{3DO,
TITLE = "{3DOpen}",
AUTHOR = "`Invictus'",
NOTE = "http://www.flatearthmultimedia.com/3dopen/default.asp",
YEAR = "2000"}

@UNPUBLISHED{Wine,
TITLE = "Wine ({Wine Is Not an Emulator})",
AUTHOR = "Many",
NOTE = "http://www.winehq.com/",
YEAR = "1994-2000"}

@UNPUBLISHED{Executor,
TITLE = "{Executor White Paper}",
AUTHOR = "Mathew J. Hostetter and Clifford T. Matthews",
NOTE = "http://www.ardi.com/MacHack/machack.html",
YEAR = "1996"}

@UNPUBLISHED{Plex86,
TITLE = "{Plex86}",
AUTHOR = "Kevin Lawton",
NOTE = "http://www.plex86.org/",
YEAR = "2000"}

@UNPUBLISHED{OSKit,
TITLE = "{OSKit}",
AUTHOR = "Flux Research Group, University of Utah",
NOTE = "http://www.cs.utah.edu/flux/oskit/",
YEAR = "1999"}
